

@article{marchi,
  title={Dynamic modeling and optimization of an ORC unit equipped with plate heat exchangers and turbomachines},
  author={Marchionni, Matteo and Bianchi, Giuseppe and Karvountzis-Kontakiotis, Apostolos and Pesiridis, Apostolos and Tassou, Savvas A},
  journal={Energy Procedia},
  volume={129},
  pages={224--231},
  year={2017},
  publisher={Elsevier}
}

@article{wei,
  title={Dynamic modeling and simulation of an Organic Rankine Cycle (ORC) system for waste heat recovery},
  author={Wei, Donghong and Lu, Xuesheng and Lu, Zhen and Gu, Jianming},
  journal={Applied Thermal Engineering},
  volume={28},
  number={10},
  pages={1216--1224},
  year={2008},
  publisher={Elsevier}
}

@article{zhang,
  title={Dynamic test and verification of model-guided ORC system},
  author={Zhang, Ying and Deng, Shuai and Zhao, Li and Lin, Shan and Bai, Mengjie and Wang, Wei and Zhao, Dongpeng},
  journal={Energy Conversion and Management},
  volume={186},
  pages={349--367},
  year={2019},
  publisher={Elsevier}
}


@inproceedings{quoilin,
  title={ThermoCycle: A Modelica library for the simulation of thermodynamic systems},
  author={Quoilin, Sylvain and Desideri, Adriano and Wronski, Jorrit and Bell, Ian and Lemort, Vincent},
  booktitle={10th international Modelica conference},
  year={2014}
}

 @phdthesis{altun, title={Dynamic Modeling of Organic Rankine Cycle and Its Experimental Verification},
 author={Altun, Ertuğrul},
 year={2018}
 } 

@article{carr,
  title={Dynamic simulation and experiments of a low-cost small ORC unit for market applications},
  author={Carraro, Gianluca and Rech, Sergio and Lazzaretto, Andrea and Toniato, Giuseppe and Danieli, Piero},
  journal={Energy Conversion and Management},
  volume={197},
  pages={111863},
  year={2019},
  publisher={Elsevier}
}



 @book{inproceedings,
author = {Akmal, Muhammad and Fox, Brendan},
year = {2016},
month = {04},
pages = {},
title = {Modelling and Simulation of Underfloor Heating System Supplied From Heat Pump},
doi = {10.1109/UKSim.2016.13}
}

 @book{moran, place={S.l.}, title={Fundamentals of Engineering Thermodynamics}, publisher={WILEY}, author={MORAN, MICHAEL J.}, year={2020}} 

@book{incropera,
  added-at = {2015-08-17T20:05:52.000+0200},
  address = {New York City, New York},
  author = {Incropera, Frank P. and DeWitt, David P.},
  biburl = {https://www.bibsonomy.org/bibtex/27cdde7c470cea6f2ef9ea723e7d9e734/aniruddhac},
  edition = {4th Edition},
  interhash = {44b484e53f21054f05496a35b0f2243d},
  intrahash = {7cdde7c470cea6f2ef9ea723e7d9e734},
  keywords = {heat-transfer mass-transfer},
  publisher = {John Wiley & Sons, Inc.},
  timestamp = {2015-08-17T20:07:12.000+0200},
  title = {Fundamentals of Heat and Mass Transfer},
  year = 1996
}

@Article{gasomi,
AUTHOR = {Rivera, Wilfrido and Sánchez-Sánchez, Karen and Hernández-Magallanes, J. Alejandro and Jiménez-García, J. Camilo and Pacheco, Alejandro},
TITLE = {Modeling of Novel Thermodynamic Cycles to Produce Power and Cooling Simultaneously},
JOURNAL = {Processes},
VOLUME = {8},
YEAR = {2020},
NUMBER = {3},
ARTICLE-NUMBER = {320},
URL = {https://www.mdpi.com/2227-9717/8/3/320},
ISSN = {2227-9717},
DOI = {10.3390/pr8030320}
}

